%% This BibTeX bibliography file was created using BibDesk.
%% http://bibdesk.sourceforge.net/


%% Created for Tirhakah at 2014-04-29 12:51:14 +0100 


%% Saved with string encoding Unicode (UTF-8) 



@phdthesis{van2011procedural,
	Author = {van Gestel, Joris},
	Date-Added = {2014-04-29 11:49:33 +0000},
	Date-Modified = {2014-04-29 11:49:33 +0000},
	School = {Department of Mediamatics Faculty of EEMCS, Delft University of Technology},
	Title = {Procedural destruction of objects for computer games},
	Year = {2011}}
